%YAML 1.1
%TAG !u! tag:unity3d.com,2011:
--- !u!29 &1
OcclusionCullingSettings:
  m_ObjectHideFlags: 0
  serializedVersion: 2
  m_OcclusionBakeSettings:
    smallestOccluder: 5
    smallestHole: 0.25
    backfaceThreshold: 100
  m_SceneGUID: 00000000000000000000000000000000
  m_OcclusionCullingData: {fileID: 0}
--- !u!104 &2
RenderSettings:
  m_ObjectHideFlags: 0
  serializedVersion: 9
  m_Fog: 0
  m_FogColor: {r: 0.5, g: 0.5, b: 0.5, a: 1}
  m_FogMode: 3
  m_FogDensity: 0.01
  m_LinearFogStart: 0
  m_LinearFogEnd: 300
  m_AmbientSkyColor: {r: 0.212, g: 0.227, b: 0.259, a: 1}
  m_AmbientEquatorColor: {r: 0.114, g: 0.125, b: 0.133, a: 1}
  m_AmbientGroundColor: {r: 0.047, g: 0.043, b: 0.035, a: 1}
  m_AmbientIntensity: 1
  m_AmbientMode: 0
  m_SubtractiveShadowColor: {r: 0.42, g: 0.478, b: 0.627, a: 1}
  m_SkyboxMaterial: {fileID: 10304, guid: 0000000000000000f000000000000000, type: 0}
  m_HaloStrength: 0.5
  m_FlareStrength: 1
  m_FlareFadeSpeed: 3
  m_HaloTexture: {fileID: 0}
  m_SpotCookie: {fileID: 10001, guid: 0000000000000000e000000000000000, type: 0}
  m_DefaultReflectionMode: 0
  m_DefaultReflectionResolution: 128
  m_ReflectionBounces: 1
  m_ReflectionIntensity: 1
  m_CustomReflection: {fileID: 0}
  m_Sun: {fileID: 0}
  m_IndirectSpecularColor: {r: 0.44657755, g: 0.4964127, b: 0.57481825, a: 1}
  m_UseRadianceAmbientProbe: 0
--- !u!157 &3
LightmapSettings:
  m_ObjectHideFlags: 0
  serializedVersion: 11
  m_GIWorkflowMode: 0
  m_GISettings:
    serializedVersion: 2
    m_BounceScale: 1
    m_IndirectOutputScale: 1
    m_AlbedoBoost: 1
    m_EnvironmentLightingMode: 1
    m_EnableBakedLightmaps: 1
    m_EnableRealtimeLightmaps: 1
  m_LightmapEditorSettings:
    serializedVersion: 12
    m_Resolution: 2
    m_BakeResolution: 40
    m_AtlasSize: 1024
    m_AO: 0
    m_AOMaxDistance: 1
    m_CompAOExponent: 1
    m_CompAOExponentDirect: 0
    m_ExtractAmbientOcclusion: 0
    m_Padding: 2
    m_LightmapParameters: {fileID: 0}
    m_LightmapsBakeMode: 1
    m_TextureCompression: 1
    m_FinalGather: 0
    m_FinalGatherFiltering: 1
    m_FinalGatherRayCount: 256
    m_ReflectionCompression: 2
    m_MixedBakeMode: 2
    m_BakeBackend: 1
    m_PVRSampling: 1
    m_PVRDirectSampleCount: 32
    m_PVRSampleCount: 500
    m_PVRBounces: 2
    m_PVREnvironmentSampleCount: 500
    m_PVREnvironmentReferencePointCount: 2048
    m_PVRFilteringMode: 2
    m_PVRDenoiserTypeDirect: 0
    m_PVRDenoiserTypeIndirect: 0
    m_PVRDenoiserTypeAO: 0
    m_PVRFilterTypeDirect: 0
    m_PVRFilterTypeIndirect: 0
    m_PVRFilterTypeAO: 0
    m_PVREnvironmentMIS: 0
    m_PVRCulling: 1
    m_PVRFilteringGaussRadiusDirect: 1
    m_PVRFilteringGaussRadiusIndirect: 5
    m_PVRFilteringGaussRadiusAO: 2
    m_PVRFilteringAtrousPositionSigmaDirect: 0.5
    m_PVRFilteringAtrousPositionSigmaIndirect: 2
    m_PVRFilteringAtrousPositionSigmaAO: 1
    m_ShowResolutionOverlay: 1
    m_ExportTrainingData: 0
  m_LightingDataAsset: {fileID: 0}
  m_UseShadowmask: 1
--- !u!196 &4
NavMeshSettings:
  serializedVersion: 2
  m_ObjectHideFlags: 0
  m_BuildSettings:
    serializedVersion: 2
    agentTypeID: 0
    agentRadius: 0.5
    agentHeight: 2
    agentSlope: 45
    agentClimb: 0.4
    ledgeDropHeight: 0
    maxJumpAcrossDistance: 0
    minRegionArea: 2
    manualCellSize: 0
    cellSize: 0.16666667
    manualTileSize: 0
    tileSize: 256
    accuratePlacement: 0
    debug:
      m_Flags: 0
  m_NavMeshData: {fileID: 0}
--- !u!4 &224633213 stripped
Transform:
  m_CorrespondingSourceObject: {fileID: 5484130984797849597, guid: 97b9423318f9a9d438b21940ea3220b2,
    type: 3}
  m_PrefabInstance: {fileID: 675883943596330292}
  m_PrefabAsset: {fileID: 0}
--- !u!1001 &469720947
PrefabInstance:
  m_ObjectHideFlags: 0
  serializedVersion: 2
  m_Modification:
    m_TransformParent: {fileID: 1334159007}
    m_Modifications:
    - target: {fileID: 7692293161603528072, guid: 1f149ca7af89bea46bde8eec7a22e682,
        type: 3}
      propertyPath: m_Name
      value: HillGround
      objectReference: {fileID: 0}
    - target: {fileID: 7692293161603528076, guid: 1f149ca7af89bea46bde8eec7a22e682,
        type: 3}
      propertyPath: m_LocalPosition.x
      value: 0
      objectReference: {fileID: 0}
    - target: {fileID: 7692293161603528076, guid: 1f149ca7af89bea46bde8eec7a22e682,
        type: 3}
      propertyPath: m_LocalPosition.y
      value: -0.83
      objectReference: {fileID: 0}
    - target: {fileID: 7692293161603528076, guid: 1f149ca7af89bea46bde8eec7a22e682,
        type: 3}
      propertyPath: m_LocalPosition.z
      value: 20.5
      objectReference: {fileID: 0}
    - target: {fileID: 7692293161603528076, guid: 1f149ca7af89bea46bde8eec7a22e682,
        type: 3}
      propertyPath: m_LocalRotation.x
      value: -0
      objectReference: {fileID: 0}
    - target: {fileID: 7692293161603528076, guid: 1f149ca7af89bea46bde8eec7a22e682,
        type: 3}
      propertyPath: m_LocalRotation.y
      value: -0
      objectReference: {fileID: 0}
    - target: {fileID: 7692293161603528076, guid: 1f149ca7af89bea46bde8eec7a22e682,
        type: 3}
      propertyPath: m_LocalRotation.z
      value: -0
      objectReference: {fileID: 0}
    - target: {fileID: 7692293161603528076, guid: 1f149ca7af89bea46bde8eec7a22e682,
        type: 3}
      propertyPath: m_LocalRotation.w
      value: 1
      objectReference: {fileID: 0}
    - target: {fileID: 7692293161603528076, guid: 1f149ca7af89bea46bde8eec7a22e682,
        type: 3}
      propertyPath: m_RootOrder
      value: 2
      objectReference: {fileID: 0}
    - target: {fileID: 7692293161603528076, guid: 1f149ca7af89bea46bde8eec7a22e682,
        type: 3}
      propertyPath: m_LocalEulerAnglesHint.x
      value: 0
      objectReference: {fileID: 0}
    - target: {fileID: 7692293161603528076, guid: 1f149ca7af89bea46bde8eec7a22e682,
        type: 3}
      propertyPath: m_LocalEulerAnglesHint.y
      value: 0
      objectReference: {fileID: 0}
    - target: {fileID: 7692293161603528076, guid: 1f149ca7af89bea46bde8eec7a22e682,
        type: 3}
      propertyPath: m_LocalEulerAnglesHint.z
      value: 0
      objectReference: {fileID: 0}
    m_RemovedComponents: []
  m_SourcePrefab: {fileID: 100100000, guid: 1f149ca7af89bea46bde8eec7a22e682, type: 3}
--- !u!4 &469720948 stripped
Transform:
  m_CorrespondingSourceObject: {fileID: 7692293161603528076, guid: 1f149ca7af89bea46bde8eec7a22e682,
    type: 3}
  m_PrefabInstance: {fileID: 469720947}
  m_PrefabAsset: {fileID: 0}
--- !u!1001 &859154690
PrefabInstance:
  m_ObjectHideFlags: 0
  serializedVersion: 2
  m_Modification:
    m_TransformParent: {fileID: 1209527803}
    m_Modifications:
    - target: {fileID: 8529367123031228887, guid: d2cd6f780288e2e4f91396d93855c2ea,
        type: 3}
      propertyPath: m_Name
      value: CubeX3 (4)
      objectReference: {fileID: 0}
    - target: {fileID: 8529367123031228883, guid: d2cd6f780288e2e4f91396d93855c2ea,
        type: 3}
      propertyPath: m_LocalPosition.x
      value: -5
      objectReference: {fileID: 0}
    - target: {fileID: 8529367123031228883, guid: d2cd6f780288e2e4f91396d93855c2ea,
        type: 3}
      propertyPath: m_LocalPosition.y
      value: 17.5
      objectReference: {fileID: 0}
    - target: {fileID: 8529367123031228883, guid: d2cd6f780288e2e4f91396d93855c2ea,
        type: 3}
      propertyPath: m_LocalPosition.z
      value: 1
      objectReference: {fileID: 0}
    - target: {fileID: 8529367123031228883, guid: d2cd6f780288e2e4f91396d93855c2ea,
        type: 3}
      propertyPath: m_LocalRotation.x
      value: -0.7071068
      objectReference: {fileID: 0}
    - target: {fileID: 8529367123031228883, guid: d2cd6f780288e2e4f91396d93855c2ea,
        type: 3}
      propertyPath: m_LocalRotation.y
      value: -0
      objectReference: {fileID: 0}
    - target: {fileID: 8529367123031228883, guid: d2cd6f780288e2e4f91396d93855c2ea,
        type: 3}
      propertyPath: m_LocalRotation.z
      value: -0
      objectReference: {fileID: 0}
    - target: {fileID: 8529367123031228883, guid: d2cd6f780288e2e4f91396d93855c2ea,
        type: 3}
      propertyPath: m_LocalRotation.w
      value: 0.7071068
      objectReference: {fileID: 0}
    - target: {fileID: 8529367123031228883, guid: d2cd6f780288e2e4f91396d93855c2ea,
        type: 3}
      propertyPath: m_RootOrder
      value: 7
      objectReference: {fileID: 0}
    - target: {fileID: 8529367123031228883, guid: d2cd6f780288e2e4f91396d93855c2ea,
        type: 3}
      propertyPath: m_LocalEulerAnglesHint.x
      value: 0
      objectReference: {fileID: 0}
    - target: {fileID: 8529367123031228883, guid: d2cd6f780288e2e4f91396d93855c2ea,
        type: 3}
      propertyPath: m_LocalEulerAnglesHint.y
      value: 0
      objectReference: {fileID: 0}
    - target: {fileID: 8529367123031228883, guid: d2cd6f780288e2e4f91396d93855c2ea,
        type: 3}
      propertyPath: m_LocalEulerAnglesHint.z
      value: 0
      objectReference: {fileID: 0}
    - target: {fileID: 8529367123031228883, guid: d2cd6f780288e2e4f91396d93855c2ea,
        type: 3}
      propertyPath: m_LocalScale.z
      value: 0.50000036
      objectReference: {fileID: 0}
    m_RemovedComponents: []
  m_SourcePrefab: {fileID: 100100000, guid: d2cd6f780288e2e4f91396d93855c2ea, type: 3}
--- !u!4 &859154691 stripped
Transform:
  m_CorrespondingSourceObject: {fileID: 8529367123031228883, guid: d2cd6f780288e2e4f91396d93855c2ea,
    type: 3}
  m_PrefabInstance: {fileID: 859154690}
  m_PrefabAsset: {fileID: 0}
--- !u!1 &859154692 stripped
GameObject:
  m_CorrespondingSourceObject: {fileID: 8529367123031228887, guid: d2cd6f780288e2e4f91396d93855c2ea,
    type: 3}
  m_PrefabInstance: {fileID: 859154690}
  m_PrefabAsset: {fileID: 0}
--- !u!114 &859154693
MonoBehaviour:
  m_ObjectHideFlags: 0
  m_CorrespondingSourceObject: {fileID: 0}
  m_PrefabInstance: {fileID: 0}
  m_PrefabAsset: {fileID: 0}
  m_GameObject: {fileID: 859154692}
  m_Enabled: 1
  m_EditorHideFlags: 0
  m_Script: {fileID: 11500000, guid: edfed8b3b63842a44b626198d8018265, type: 3}
  m_Name: 
  m_EditorClassIdentifier: 
  startObject: {fileID: 0}
  stopObject: {fileID: 0}
  speed: 0.3
  isUpDown: 1
  invertUpDown: 0
  upDownDistance: 1
--- !u!1001 &945418736
PrefabInstance:
  m_ObjectHideFlags: 0
  serializedVersion: 2
  m_Modification:
    m_TransformParent: {fileID: 1209527803}
    m_Modifications:
    - target: {fileID: 8529367123031228887, guid: ee77c31d3f08581459e7d54d9510f5c4,
        type: 3}
      propertyPath: m_Name
      value: UpDownCube (5)
      objectReference: {fileID: 0}
    - target: {fileID: 8529367123031228887, guid: ee77c31d3f08581459e7d54d9510f5c4,
        type: 3}
      propertyPath: m_TagString
      value: Ground
      objectReference: {fileID: 0}
    - target: {fileID: 8529367123031228883, guid: ee77c31d3f08581459e7d54d9510f5c4,
        type: 3}
      propertyPath: m_LocalPosition.x
      value: -5
      objectReference: {fileID: 0}
    - target: {fileID: 8529367123031228883, guid: ee77c31d3f08581459e7d54d9510f5c4,
        type: 3}
      propertyPath: m_LocalPosition.y
      value: 14
      objectReference: {fileID: 0}
    - target: {fileID: 8529367123031228883, guid: ee77c31d3f08581459e7d54d9510f5c4,
        type: 3}
      propertyPath: m_LocalPosition.z
      value: 1
      objectReference: {fileID: 0}
    - target: {fileID: 8529367123031228883, guid: ee77c31d3f08581459e7d54d9510f5c4,
        type: 3}
      propertyPath: m_LocalRotation.x
      value: -0.7071068
      objectReference: {fileID: 0}
    - target: {fileID: 8529367123031228883, guid: ee77c31d3f08581459e7d54d9510f5c4,
        type: 3}
      propertyPath: m_LocalRotation.y
      value: -0
      objectReference: {fileID: 0}
    - target: {fileID: 8529367123031228883, guid: ee77c31d3f08581459e7d54d9510f5c4,
        type: 3}
      propertyPath: m_LocalRotation.z
      value: -0
      objectReference: {fileID: 0}
    - target: {fileID: 8529367123031228883, guid: ee77c31d3f08581459e7d54d9510f5c4,
        type: 3}
      propertyPath: m_LocalRotation.w
      value: 0.7071068
      objectReference: {fileID: 0}
    - target: {fileID: 8529367123031228883, guid: ee77c31d3f08581459e7d54d9510f5c4,
        type: 3}
      propertyPath: m_RootOrder
      value: 3
      objectReference: {fileID: 0}
    - target: {fileID: 8529367123031228883, guid: ee77c31d3f08581459e7d54d9510f5c4,
        type: 3}
      propertyPath: m_LocalEulerAnglesHint.x
      value: 0
      objectReference: {fileID: 0}
    - target: {fileID: 8529367123031228883, guid: ee77c31d3f08581459e7d54d9510f5c4,
        type: 3}
      propertyPath: m_LocalEulerAnglesHint.y
      value: 0
      objectReference: {fileID: 0}
    - target: {fileID: 8529367123031228883, guid: ee77c31d3f08581459e7d54d9510f5c4,
        type: 3}
      propertyPath: m_LocalEulerAnglesHint.z
      value: 0
      objectReference: {fileID: 0}
    - target: {fileID: 344965660392984592, guid: ee77c31d3f08581459e7d54d9510f5c4,
        type: 3}
      propertyPath: speed
      value: 0.1
      objectReference: {fileID: 0}
    m_RemovedComponents: []
  m_SourcePrefab: {fileID: 100100000, guid: ee77c31d3f08581459e7d54d9510f5c4, type: 3}
--- !u!4 &945418737 stripped
Transform:
  m_CorrespondingSourceObject: {fileID: 8529367123031228883, guid: ee77c31d3f08581459e7d54d9510f5c4,
    type: 3}
  m_PrefabInstance: {fileID: 945418736}
  m_PrefabAsset: {fileID: 0}
--- !u!1001 &1065881502
PrefabInstance:
  m_ObjectHideFlags: 0
  serializedVersion: 2
  m_Modification:
    m_TransformParent: {fileID: 1209527803}
    m_Modifications:
    - target: {fileID: 8529367123031228887, guid: ee77c31d3f08581459e7d54d9510f5c4,
        type: 3}
      propertyPath: m_Name
      value: UpDownCube (10)
      objectReference: {fileID: 0}
    - target: {fileID: 8529367123031228887, guid: ee77c31d3f08581459e7d54d9510f5c4,
        type: 3}
      propertyPath: m_TagString
      value: Ground
      objectReference: {fileID: 0}
    - target: {fileID: 8529367123031228883, guid: ee77c31d3f08581459e7d54d9510f5c4,
        type: 3}
      propertyPath: m_LocalPosition.x
      value: -3.25
      objectReference: {fileID: 0}
    - target: {fileID: 8529367123031228883, guid: ee77c31d3f08581459e7d54d9510f5c4,
        type: 3}
      propertyPath: m_LocalPosition.y
      value: 9
      objectReference: {fileID: 0}
    - target: {fileID: 8529367123031228883, guid: ee77c31d3f08581459e7d54d9510f5c4,
        type: 3}
      propertyPath: m_LocalPosition.z
      value: 1
      objectReference: {fileID: 0}
    - target: {fileID: 8529367123031228883, guid: ee77c31d3f08581459e7d54d9510f5c4,
        type: 3}
      propertyPath: m_LocalRotation.x
      value: -0.7071068
      objectReference: {fileID: 0}
    - target: {fileID: 8529367123031228883, guid: ee77c31d3f08581459e7d54d9510f5c4,
        type: 3}
      propertyPath: m_LocalRotation.y
      value: -0
      objectReference: {fileID: 0}
    - target: {fileID: 8529367123031228883, guid: ee77c31d3f08581459e7d54d9510f5c4,
        type: 3}
      propertyPath: m_LocalRotation.z
      value: -0
      objectReference: {fileID: 0}
    - target: {fileID: 8529367123031228883, guid: ee77c31d3f08581459e7d54d9510f5c4,
        type: 3}
      propertyPath: m_LocalRotation.w
      value: 0.7071068
      objectReference: {fileID: 0}
    - target: {fileID: 8529367123031228883, guid: ee77c31d3f08581459e7d54d9510f5c4,
        type: 3}
      propertyPath: m_RootOrder
      value: 13
      objectReference: {fileID: 0}
    - target: {fileID: 8529367123031228883, guid: ee77c31d3f08581459e7d54d9510f5c4,
        type: 3}
      propertyPath: m_LocalEulerAnglesHint.x
      value: 0
      objectReference: {fileID: 0}
    - target: {fileID: 8529367123031228883, guid: ee77c31d3f08581459e7d54d9510f5c4,
        type: 3}
      propertyPath: m_LocalEulerAnglesHint.y
      value: 0
      objectReference: {fileID: 0}
    - target: {fileID: 8529367123031228883, guid: ee77c31d3f08581459e7d54d9510f5c4,
        type: 3}
      propertyPath: m_LocalEulerAnglesHint.z
      value: 0
      objectReference: {fileID: 0}
    - target: {fileID: 344965660392984592, guid: ee77c31d3f08581459e7d54d9510f5c4,
        type: 3}
      propertyPath: invertUpDown
      value: 0
      objectReference: {fileID: 0}
    - target: {fileID: 344965660392984592, guid: ee77c31d3f08581459e7d54d9510f5c4,
        type: 3}
      propertyPath: speed
      value: 0.1
      objectReference: {fileID: 0}
    - target: {fileID: 344965660392984592, guid: ee77c31d3f08581459e7d54d9510f5c4,
        type: 3}
      propertyPath: isUpDown
      value: 1
      objectReference: {fileID: 0}
    m_RemovedComponents: []
  m_SourcePrefab: {fileID: 100100000, guid: ee77c31d3f08581459e7d54d9510f5c4, type: 3}
--- !u!4 &1065881503 stripped
Transform:
  m_CorrespondingSourceObject: {fileID: 8529367123031228883, guid: ee77c31d3f08581459e7d54d9510f5c4,
    type: 3}
  m_PrefabInstance: {fileID: 1065881502}
  m_PrefabAsset: {fileID: 0}
--- !u!4 &1182906692 stripped
Transform:
  m_CorrespondingSourceObject: {fileID: 8529367123031228883, guid: 6d119fc2c6b06e3448a43015ab7662ac,
    type: 3}
  m_PrefabInstance: {fileID: 8529367124012808343}
  m_PrefabAsset: {fileID: 0}
--- !u!1 &1209527801
GameObject:
  m_ObjectHideFlags: 0
  m_CorrespondingSourceObject: {fileID: 0}
  m_PrefabInstance: {fileID: 0}
  m_PrefabAsset: {fileID: 0}
  serializedVersion: 6
  m_Component:
  - component: {fileID: 1209527803}
  - component: {fileID: 1209527802}
  m_Layer: 0
  m_Name: Grid
  m_TagString: Untagged
  m_Icon: {fileID: 0}
  m_NavMeshLayer: 0
  m_StaticEditorFlags: 0
  m_IsActive: 1
--- !u!156049354 &1209527802
Grid:
  m_ObjectHideFlags: 0
  m_CorrespondingSourceObject: {fileID: 0}
  m_PrefabInstance: {fileID: 0}
  m_PrefabAsset: {fileID: 0}
  m_GameObject: {fileID: 1209527801}
  m_Enabled: 1
  m_CellSize: {x: 0.5, y: 1, z: 0.5}
  m_CellGap: {x: 0, y: 0, z: 0}
  m_CellLayout: 0
  m_CellSwizzle: 0
--- !u!4 &1209527803
Transform:
  m_ObjectHideFlags: 0
  m_CorrespondingSourceObject: {fileID: 0}
  m_PrefabInstance: {fileID: 0}
  m_PrefabAsset: {fileID: 0}
  m_GameObject: {fileID: 1209527801}
  m_LocalRotation: {x: 0.7071068, y: 0, z: 0, w: 0.7071068}
  m_LocalPosition: {x: 0, y: 0, z: 0}
  m_LocalScale: {x: 1, y: 1, z: 1}
  m_Children:
  - {fileID: 1182906692}
  - {fileID: 2008320897}
  - {fileID: 1748554662}
  - {fileID: 945418737}
  - {fileID: 2017613369}
  - {fileID: 1641337813}
  - {fileID: 859154691}
  - {fileID: 1898911443}
  - {fileID: 1351466794}
  - {fileID: 1692430039}
  - {fileID: 1065881503}
  m_Father: {fileID: 0}
  m_RootOrder: 3
  m_LocalEulerAnglesHint: {x: 90, y: 0, z: 0}
--- !u!1001 &1223344553
PrefabInstance:
  m_ObjectHideFlags: 0
  serializedVersion: 2
  m_Modification:
    m_TransformParent: {fileID: 0}
    m_Modifications:
    - target: {fileID: 5444159562458115588, guid: d455a69ae6845504ebfa410a37444422,
        type: 3}
      propertyPath: m_Name
      value: HillLight
      objectReference: {fileID: 0}
    - target: {fileID: 5444159562458115590, guid: d455a69ae6845504ebfa410a37444422,
        type: 3}
      propertyPath: m_LocalPosition.x
      value: 0
      objectReference: {fileID: 0}
    - target: {fileID: 5444159562458115590, guid: d455a69ae6845504ebfa410a37444422,
        type: 3}
      propertyPath: m_LocalPosition.y
      value: 3
      objectReference: {fileID: 0}
    - target: {fileID: 5444159562458115590, guid: d455a69ae6845504ebfa410a37444422,
        type: 3}
      propertyPath: m_LocalPosition.z
      value: 0
      objectReference: {fileID: 0}
    - target: {fileID: 5444159562458115590, guid: d455a69ae6845504ebfa410a37444422,
        type: 3}
      propertyPath: m_LocalRotation.x
      value: 0.42261827
      objectReference: {fileID: 0}
    - target: {fileID: 5444159562458115590, guid: d455a69ae6845504ebfa410a37444422,
        type: 3}
      propertyPath: m_LocalRotation.y
      value: -0
      objectReference: {fileID: 0}
    - target: {fileID: 5444159562458115590, guid: d455a69ae6845504ebfa410a37444422,
        type: 3}
      propertyPath: m_LocalRotation.z
      value: -0
      objectReference: {fileID: 0}
    - target: {fileID: 5444159562458115590, guid: d455a69ae6845504ebfa410a37444422,
        type: 3}
      propertyPath: m_LocalRotation.w
      value: 0.9063079
      objectReference: {fileID: 0}
    - target: {fileID: 5444159562458115590, guid: d455a69ae6845504ebfa410a37444422,
        type: 3}
      propertyPath: m_RootOrder
      value: 1
      objectReference: {fileID: 0}
    - target: {fileID: 5444159562458115590, guid: d455a69ae6845504ebfa410a37444422,
        type: 3}
      propertyPath: m_LocalEulerAnglesHint.x
      value: 50
      objectReference: {fileID: 0}
    - target: {fileID: 5444159562458115590, guid: d455a69ae6845504ebfa410a37444422,
        type: 3}
      propertyPath: m_LocalEulerAnglesHint.y
      value: 0
      objectReference: {fileID: 0}
    - target: {fileID: 5444159562458115590, guid: d455a69ae6845504ebfa410a37444422,
        type: 3}
      propertyPath: m_LocalEulerAnglesHint.z
      value: 0
      objectReference: {fileID: 0}
    - target: {fileID: 5444159562458115590, guid: d455a69ae6845504ebfa410a37444422,
        type: 3}
      propertyPath: m_LocalScale.y
      value: 1
      objectReference: {fileID: 0}
    - target: {fileID: 5444159562458115590, guid: d455a69ae6845504ebfa410a37444422,
        type: 3}
      propertyPath: m_LocalScale.z
      value: 1
      objectReference: {fileID: 0}
    m_RemovedComponents: []
  m_SourcePrefab: {fileID: 100100000, guid: d455a69ae6845504ebfa410a37444422, type: 3}
--- !u!1 &1334159006
GameObject:
  m_ObjectHideFlags: 0
  m_CorrespondingSourceObject: {fileID: 0}
  m_PrefabInstance: {fileID: 0}
  m_PrefabAsset: {fileID: 0}
  serializedVersion: 6
  m_Component:
  - component: {fileID: 1334159007}
  m_Layer: 0
  m_Name: UnderStage
  m_TagString: Untagged
  m_Icon: {fileID: 0}
  m_NavMeshLayer: 0
  m_StaticEditorFlags: 0
  m_IsActive: 1
--- !u!4 &1334159007
Transform:
  m_ObjectHideFlags: 0
  m_CorrespondingSourceObject: {fileID: 0}
  m_PrefabInstance: {fileID: 0}
  m_PrefabAsset: {fileID: 0}
  m_GameObject: {fileID: 1334159006}
  m_LocalRotation: {x: 0, y: 0, z: 0, w: 1}
  m_LocalPosition: {x: 0, y: 0, z: 0}
  m_LocalScale: {x: 1, y: 1, z: 1}
  m_Children:
  - {fileID: 5891135510667896161}
  - {fileID: 469720948}
  m_Father: {fileID: 0}
  m_RootOrder: 2
  m_LocalEulerAnglesHint: {x: 0, y: 0, z: 0}
--- !u!1001 &1351466793
PrefabInstance:
  m_ObjectHideFlags: 0
  serializedVersion: 2
  m_Modification:
    m_TransformParent: {fileID: 1209527803}
    m_Modifications:
    - target: {fileID: 8529367123031228887, guid: d2cd6f780288e2e4f91396d93855c2ea,
        type: 3}
      propertyPath: m_Name
      value: CubeX3 (5)
      objectReference: {fileID: 0}
    - target: {fileID: 8529367123031228883, guid: d2cd6f780288e2e4f91396d93855c2ea,
        type: 3}
      propertyPath: m_LocalPosition.x
      value: -5
      objectReference: {fileID: 0}
    - target: {fileID: 8529367123031228883, guid: d2cd6f780288e2e4f91396d93855c2ea,
        type: 3}
      propertyPath: m_LocalPosition.y
      value: 12
      objectReference: {fileID: 0}
    - target: {fileID: 8529367123031228883, guid: d2cd6f780288e2e4f91396d93855c2ea,
        type: 3}
      propertyPath: m_LocalPosition.z
      value: 1
      objectReference: {fileID: 0}
    - target: {fileID: 8529367123031228883, guid: d2cd6f780288e2e4f91396d93855c2ea,
        type: 3}
      propertyPath: m_LocalRotation.x
      value: -0.7071068
      objectReference: {fileID: 0}
    - target: {fileID: 8529367123031228883, guid: d2cd6f780288e2e4f91396d93855c2ea,
        type: 3}
      propertyPath: m_LocalRotation.y
      value: -0
      objectReference: {fileID: 0}
    - target: {fileID: 8529367123031228883, guid: d2cd6f780288e2e4f91396d93855c2ea,
        type: 3}
      propertyPath: m_LocalRotation.z
      value: -0
      objectReference: {fileID: 0}
    - target: {fileID: 8529367123031228883, guid: d2cd6f780288e2e4f91396d93855c2ea,
        type: 3}
      propertyPath: m_LocalRotation.w
      value: 0.7071068
      objectReference: {fileID: 0}
    - target: {fileID: 8529367123031228883, guid: d2cd6f780288e2e4f91396d93855c2ea,
        type: 3}
      propertyPath: m_RootOrder
      value: 9
      objectReference: {fileID: 0}
    - target: {fileID: 8529367123031228883, guid: d2cd6f780288e2e4f91396d93855c2ea,
        type: 3}
      propertyPath: m_LocalEulerAnglesHint.x
      value: 0
      objectReference: {fileID: 0}
    - target: {fileID: 8529367123031228883, guid: d2cd6f780288e2e4f91396d93855c2ea,
        type: 3}
      propertyPath: m_LocalEulerAnglesHint.y
      value: 0
      objectReference: {fileID: 0}
    - target: {fileID: 8529367123031228883, guid: d2cd6f780288e2e4f91396d93855c2ea,
        type: 3}
      propertyPath: m_LocalEulerAnglesHint.z
      value: 0
      objectReference: {fileID: 0}
    - target: {fileID: 8529367123031228883, guid: d2cd6f780288e2e4f91396d93855c2ea,
        type: 3}
      propertyPath: m_LocalScale.z
      value: 0.50000036
      objectReference: {fileID: 0}
    m_RemovedComponents: []
  m_SourcePrefab: {fileID: 100100000, guid: d2cd6f780288e2e4f91396d93855c2ea, type: 3}
--- !u!4 &1351466794 stripped
Transform:
  m_CorrespondingSourceObject: {fileID: 8529367123031228883, guid: d2cd6f780288e2e4f91396d93855c2ea,
    type: 3}
  m_PrefabInstance: {fileID: 1351466793}
  m_PrefabAsset: {fileID: 0}
--- !u!1 &1351466795 stripped
GameObject:
  m_CorrespondingSourceObject: {fileID: 8529367123031228887, guid: d2cd6f780288e2e4f91396d93855c2ea,
    type: 3}
  m_PrefabInstance: {fileID: 1351466793}
  m_PrefabAsset: {fileID: 0}
--- !u!114 &1351466796
MonoBehaviour:
  m_ObjectHideFlags: 0
  m_CorrespondingSourceObject: {fileID: 0}
  m_PrefabInstance: {fileID: 0}
  m_PrefabAsset: {fileID: 0}
  m_GameObject: {fileID: 1351466795}
  m_Enabled: 1
  m_EditorHideFlags: 0
  m_Script: {fileID: 11500000, guid: edfed8b3b63842a44b626198d8018265, type: 3}
  m_Name: 
  m_EditorClassIdentifier: 
  startObject: {fileID: 0}
  stopObject: {fileID: 0}
  speed: 0.3
  isUpDown: 1
  invertUpDown: 1
  upDownDistance: 1
--- !u!1 &1604293075
GameObject:
  m_ObjectHideFlags: 0
  m_CorrespondingSourceObject: {fileID: 0}
  m_PrefabInstance: {fileID: 0}
  m_PrefabAsset: {fileID: 0}
  serializedVersion: 6
  m_Component:
  - component: {fileID: 1604293077}
  - component: {fileID: 1604293076}
  m_Layer: 0
  m_Name: Grid (1)
  m_TagString: Untagged
  m_Icon: {fileID: 0}
  m_NavMeshLayer: 0
  m_StaticEditorFlags: 0
  m_IsActive: 1
--- !u!156049354 &1604293076
Grid:
  m_ObjectHideFlags: 0
  m_CorrespondingSourceObject: {fileID: 0}
  m_PrefabInstance: {fileID: 0}
  m_PrefabAsset: {fileID: 0}
  m_GameObject: {fileID: 1604293075}
  m_Enabled: 1
  m_CellSize: {x: 0.5, y: 1, z: 0.5}
  m_CellGap: {x: 0, y: 0, z: 0}
  m_CellLayout: 0
  m_CellSwizzle: 0
--- !u!4 &1604293077
Transform:
  m_ObjectHideFlags: 0
  m_CorrespondingSourceObject: {fileID: 0}
  m_PrefabInstance: {fileID: 0}
  m_PrefabAsset: {fileID: 0}
  m_GameObject: {fileID: 1604293075}
  m_LocalRotation: {x: 0.7071068, y: 0, z: 0, w: 0.7071068}
  m_LocalPosition: {x: 0, y: 0.375, z: 4}
  m_LocalScale: {x: 1, y: 1, z: 1}
  m_Children:
  - {fileID: 224633213}
  m_Father: {fileID: 0}
  m_RootOrder: 4
  m_LocalEulerAnglesHint: {x: 90, y: 0, z: 0}
--- !u!1001 &1641337812
PrefabInstance:
  m_ObjectHideFlags: 0
  serializedVersion: 2
  m_Modification:
    m_TransformParent: {fileID: 1209527803}
    m_Modifications:
    - target: {fileID: 8529367123031228887, guid: d2cd6f780288e2e4f91396d93855c2ea,
        type: 3}
      propertyPath: m_Name
      value: CubeX3 (3)
      objectReference: {fileID: 0}
    - target: {fileID: 8529367123031228883, guid: d2cd6f780288e2e4f91396d93855c2ea,
        type: 3}
      propertyPath: m_LocalPosition.x
      value: -3.75
      objectReference: {fileID: 0}
    - target: {fileID: 8529367123031228883, guid: d2cd6f780288e2e4f91396d93855c2ea,
        type: 3}
      propertyPath: m_LocalPosition.y
      value: 10.5
      objectReference: {fileID: 0}
    - target: {fileID: 8529367123031228883, guid: d2cd6f780288e2e4f91396d93855c2ea,
        type: 3}
      propertyPath: m_LocalPosition.z
      value: 1
      objectReference: {fileID: 0}
    - target: {fileID: 8529367123031228883, guid: d2cd6f780288e2e4f91396d93855c2ea,
        type: 3}
      propertyPath: m_LocalRotation.x
      value: -0.7071068
      objectReference: {fileID: 0}
    - target: {fileID: 8529367123031228883, guid: d2cd6f780288e2e4f91396d93855c2ea,
        type: 3}
      propertyPath: m_LocalRotation.y
      value: -0
      objectReference: {fileID: 0}
    - target: {fileID: 8529367123031228883, guid: d2cd6f780288e2e4f91396d93855c2ea,
        type: 3}
      propertyPath: m_LocalRotation.z
      value: -0
      objectReference: {fileID: 0}
    - target: {fileID: 8529367123031228883, guid: d2cd6f780288e2e4f91396d93855c2ea,
        type: 3}
      propertyPath: m_LocalRotation.w
      value: 0.7071068
      objectReference: {fileID: 0}
    - target: {fileID: 8529367123031228883, guid: d2cd6f780288e2e4f91396d93855c2ea,
        type: 3}
      propertyPath: m_RootOrder
      value: 6
      objectReference: {fileID: 0}
    - target: {fileID: 8529367123031228883, guid: d2cd6f780288e2e4f91396d93855c2ea,
        type: 3}
      propertyPath: m_LocalEulerAnglesHint.x
      value: 0
      objectReference: {fileID: 0}
    - target: {fileID: 8529367123031228883, guid: d2cd6f780288e2e4f91396d93855c2ea,
        type: 3}
      propertyPath: m_LocalEulerAnglesHint.y
      value: 0
      objectReference: {fileID: 0}
    - target: {fileID: 8529367123031228883, guid: d2cd6f780288e2e4f91396d93855c2ea,
        type: 3}
      propertyPath: m_LocalEulerAnglesHint.z
      value: 0
      objectReference: {fileID: 0}
    - target: {fileID: 8529367123031228883, guid: d2cd6f780288e2e4f91396d93855c2ea,
        type: 3}
      propertyPath: m_LocalScale.z
      value: 0.50000036
      objectReference: {fileID: 0}
    m_RemovedComponents: []
  m_SourcePrefab: {fileID: 100100000, guid: d2cd6f780288e2e4f91396d93855c2ea, type: 3}
--- !u!4 &1641337813 stripped
Transform:
  m_CorrespondingSourceObject: {fileID: 8529367123031228883, guid: d2cd6f780288e2e4f91396d93855c2ea,
    type: 3}
  m_PrefabInstance: {fileID: 1641337812}
  m_PrefabAsset: {fileID: 0}
--- !u!1 &1641337814 stripped
GameObject:
  m_CorrespondingSourceObject: {fileID: 8529367123031228887, guid: d2cd6f780288e2e4f91396d93855c2ea,
    type: 3}
  m_PrefabInstance: {fileID: 1641337812}
  m_PrefabAsset: {fileID: 0}
--- !u!114 &1641337815
MonoBehaviour:
  m_ObjectHideFlags: 0
  m_CorrespondingSourceObject: {fileID: 0}
  m_PrefabInstance: {fileID: 0}
  m_PrefabAsset: {fileID: 0}
  m_GameObject: {fileID: 1641337814}
  m_Enabled: 1
  m_EditorHideFlags: 0
  m_Script: {fileID: 11500000, guid: edfed8b3b63842a44b626198d8018265, type: 3}
  m_Name: 
  m_EditorClassIdentifier: 
  startObject: {fileID: 0}
  stopObject: {fileID: 0}
  speed: 0.3
  isUpDown: 1
  invertUpDown: 0
  upDownDistance: 1
--- !u!1001 &1692430038
PrefabInstance:
  m_ObjectHideFlags: 0
  serializedVersion: 2
  m_Modification:
    m_TransformParent: {fileID: 1209527803}
    m_Modifications:
    - target: {fileID: 8529367123031228887, guid: ee77c31d3f08581459e7d54d9510f5c4,
        type: 3}
      propertyPath: m_Name
      value: UpDownCube (9)
      objectReference: {fileID: 0}
    - target: {fileID: 8529367123031228887, guid: ee77c31d3f08581459e7d54d9510f5c4,
        type: 3}
      propertyPath: m_TagString
      value: Ground
      objectReference: {fileID: 0}
    - target: {fileID: 8529367123031228883, guid: ee77c31d3f08581459e7d54d9510f5c4,
        type: 3}
      propertyPath: m_LocalPosition.x
      value: -1.5
      objectReference: {fileID: 0}
    - target: {fileID: 8529367123031228883, guid: ee77c31d3f08581459e7d54d9510f5c4,
        type: 3}
      propertyPath: m_LocalPosition.y
      value: 3
      objectReference: {fileID: 0}
    - target: {fileID: 8529367123031228883, guid: ee77c31d3f08581459e7d54d9510f5c4,
        type: 3}
      propertyPath: m_LocalPosition.z
      value: 1
      objectReference: {fileID: 0}
    - target: {fileID: 8529367123031228883, guid: ee77c31d3f08581459e7d54d9510f5c4,
        type: 3}
      propertyPath: m_LocalRotation.x
      value: -0.7071068
      objectReference: {fileID: 0}
    - target: {fileID: 8529367123031228883, guid: ee77c31d3f08581459e7d54d9510f5c4,
        type: 3}
      propertyPath: m_LocalRotation.y
      value: -0
      objectReference: {fileID: 0}
    - target: {fileID: 8529367123031228883, guid: ee77c31d3f08581459e7d54d9510f5c4,
        type: 3}
      propertyPath: m_LocalRotation.z
      value: -0
      objectReference: {fileID: 0}
    - target: {fileID: 8529367123031228883, guid: ee77c31d3f08581459e7d54d9510f5c4,
        type: 3}
      propertyPath: m_LocalRotation.w
      value: 0.7071068
      objectReference: {fileID: 0}
    - target: {fileID: 8529367123031228883, guid: ee77c31d3f08581459e7d54d9510f5c4,
        type: 3}
      propertyPath: m_RootOrder
      value: 11
      objectReference: {fileID: 0}
    - target: {fileID: 8529367123031228883, guid: ee77c31d3f08581459e7d54d9510f5c4,
        type: 3}
      propertyPath: m_LocalEulerAnglesHint.x
      value: 0
      objectReference: {fileID: 0}
    - target: {fileID: 8529367123031228883, guid: ee77c31d3f08581459e7d54d9510f5c4,
        type: 3}
      propertyPath: m_LocalEulerAnglesHint.y
      value: 0
      objectReference: {fileID: 0}
    - target: {fileID: 8529367123031228883, guid: ee77c31d3f08581459e7d54d9510f5c4,
        type: 3}
      propertyPath: m_LocalEulerAnglesHint.z
      value: 0
      objectReference: {fileID: 0}
    - target: {fileID: 344965660392984592, guid: ee77c31d3f08581459e7d54d9510f5c4,
        type: 3}
      propertyPath: invertUpDown
      value: 1
      objectReference: {fileID: 0}
    - target: {fileID: 344965660392984592, guid: ee77c31d3f08581459e7d54d9510f5c4,
        type: 3}
      propertyPath: speed
      value: 0.1
      objectReference: {fileID: 0}
    m_RemovedComponents: []
  m_SourcePrefab: {fileID: 100100000, guid: ee77c31d3f08581459e7d54d9510f5c4, type: 3}
--- !u!4 &1692430039 stripped
Transform:
  m_CorrespondingSourceObject: {fileID: 8529367123031228883, guid: ee77c31d3f08581459e7d54d9510f5c4,
    type: 3}
  m_PrefabInstance: {fileID: 1692430038}
  m_PrefabAsset: {fileID: 0}
--- !u!1001 &1748554661
PrefabInstance:
  m_ObjectHideFlags: 0
  serializedVersion: 2
  m_Modification:
    m_TransformParent: {fileID: 1209527803}
    m_Modifications:
    - target: {fileID: 8529367123031228887, guid: ee77c31d3f08581459e7d54d9510f5c4,
        type: 3}
      propertyPath: m_Name
      value: UpDownCube (1)
      objectReference: {fileID: 0}
    - target: {fileID: 8529367123031228887, guid: ee77c31d3f08581459e7d54d9510f5c4,
        type: 3}
      propertyPath: m_TagString
      value: Ground
      objectReference: {fileID: 0}
    - target: {fileID: 8529367123031228883, guid: ee77c31d3f08581459e7d54d9510f5c4,
        type: 3}
      propertyPath: m_LocalPosition.x
      value: -3.25
      objectReference: {fileID: 0}
    - target: {fileID: 8529367123031228883, guid: ee77c31d3f08581459e7d54d9510f5c4,
        type: 3}
      propertyPath: m_LocalPosition.y
      value: 7.5
      objectReference: {fileID: 0}
    - target: {fileID: 8529367123031228883, guid: ee77c31d3f08581459e7d54d9510f5c4,
        type: 3}
      propertyPath: m_LocalPosition.z
      value: 1
      objectReference: {fileID: 0}
    - target: {fileID: 8529367123031228883, guid: ee77c31d3f08581459e7d54d9510f5c4,
        type: 3}
      propertyPath: m_LocalRotation.x
      value: -0.7071068
      objectReference: {fileID: 0}
    - target: {fileID: 8529367123031228883, guid: ee77c31d3f08581459e7d54d9510f5c4,
        type: 3}
      propertyPath: m_LocalRotation.y
      value: -0
      objectReference: {fileID: 0}
    - target: {fileID: 8529367123031228883, guid: ee77c31d3f08581459e7d54d9510f5c4,
        type: 3}
      propertyPath: m_LocalRotation.z
      value: -0
      objectReference: {fileID: 0}
    - target: {fileID: 8529367123031228883, guid: ee77c31d3f08581459e7d54d9510f5c4,
        type: 3}
      propertyPath: m_LocalRotation.w
      value: 0.7071068
      objectReference: {fileID: 0}
    - target: {fileID: 8529367123031228883, guid: ee77c31d3f08581459e7d54d9510f5c4,
        type: 3}
      propertyPath: m_RootOrder
      value: 2
      objectReference: {fileID: 0}
    - target: {fileID: 8529367123031228883, guid: ee77c31d3f08581459e7d54d9510f5c4,
        type: 3}
      propertyPath: m_LocalEulerAnglesHint.x
      value: 0
      objectReference: {fileID: 0}
    - target: {fileID: 8529367123031228883, guid: ee77c31d3f08581459e7d54d9510f5c4,
        type: 3}
      propertyPath: m_LocalEulerAnglesHint.y
      value: 0
      objectReference: {fileID: 0}
    - target: {fileID: 8529367123031228883, guid: ee77c31d3f08581459e7d54d9510f5c4,
        type: 3}
      propertyPath: m_LocalEulerAnglesHint.z
      value: 0
      objectReference: {fileID: 0}
    - target: {fileID: 344965660392984592, guid: ee77c31d3f08581459e7d54d9510f5c4,
        type: 3}
      propertyPath: invertUpDown
      value: 1
      objectReference: {fileID: 0}
    - target: {fileID: 344965660392984592, guid: ee77c31d3f08581459e7d54d9510f5c4,
        type: 3}
      propertyPath: speed
      value: 0.1
      objectReference: {fileID: 0}
    m_RemovedComponents: []
  m_SourcePrefab: {fileID: 100100000, guid: ee77c31d3f08581459e7d54d9510f5c4, type: 3}
--- !u!4 &1748554662 stripped
Transform:
  m_CorrespondingSourceObject: {fileID: 8529367123031228883, guid: ee77c31d3f08581459e7d54d9510f5c4,
    type: 3}
  m_PrefabInstance: {fileID: 1748554661}
  m_PrefabAsset: {fileID: 0}
--- !u!1001 &1898911442
PrefabInstance:
  m_ObjectHideFlags: 0
  serializedVersion: 2
  m_Modification:
    m_TransformParent: {fileID: 1209527803}
    m_Modifications:
    - target: {fileID: 8529367123031228887, guid: ee77c31d3f08581459e7d54d9510f5c4,
        type: 3}
      propertyPath: m_Name
      value: UpDownCube (7)
      objectReference: {fileID: 0}
    - target: {fileID: 8529367123031228887, guid: ee77c31d3f08581459e7d54d9510f5c4,
        type: 3}
      propertyPath: m_TagString
      value: Ground
      objectReference: {fileID: 0}
    - target: {fileID: 8529367123031228883, guid: ee77c31d3f08581459e7d54d9510f5c4,
        type: 3}
      propertyPath: m_LocalPosition.x
      value: -3.25
      objectReference: {fileID: 0}
    - target: {fileID: 8529367123031228883, guid: ee77c31d3f08581459e7d54d9510f5c4,
        type: 3}
      propertyPath: m_LocalPosition.y
      value: 5
      objectReference: {fileID: 0}
    - target: {fileID: 8529367123031228883, guid: ee77c31d3f08581459e7d54d9510f5c4,
        type: 3}
      propertyPath: m_LocalPosition.z
      value: 1
      objectReference: {fileID: 0}
    - target: {fileID: 8529367123031228883, guid: ee77c31d3f08581459e7d54d9510f5c4,
        type: 3}
      propertyPath: m_LocalRotation.x
      value: -0.7071068
      objectReference: {fileID: 0}
    - target: {fileID: 8529367123031228883, guid: ee77c31d3f08581459e7d54d9510f5c4,
        type: 3}
      propertyPath: m_LocalRotation.y
      value: -0
      objectReference: {fileID: 0}
    - target: {fileID: 8529367123031228883, guid: ee77c31d3f08581459e7d54d9510f5c4,
        type: 3}
      propertyPath: m_LocalRotation.z
      value: -0
      objectReference: {fileID: 0}
    - target: {fileID: 8529367123031228883, guid: ee77c31d3f08581459e7d54d9510f5c4,
        type: 3}
      propertyPath: m_LocalRotation.w
      value: 0.7071068
      objectReference: {fileID: 0}
    - target: {fileID: 8529367123031228883, guid: ee77c31d3f08581459e7d54d9510f5c4,
        type: 3}
      propertyPath: m_RootOrder
      value: 8
      objectReference: {fileID: 0}
    - target: {fileID: 8529367123031228883, guid: ee77c31d3f08581459e7d54d9510f5c4,
        type: 3}
      propertyPath: m_LocalEulerAnglesHint.x
      value: 0
      objectReference: {fileID: 0}
    - target: {fileID: 8529367123031228883, guid: ee77c31d3f08581459e7d54d9510f5c4,
        type: 3}
      propertyPath: m_LocalEulerAnglesHint.y
      value: 0
      objectReference: {fileID: 0}
    - target: {fileID: 8529367123031228883, guid: ee77c31d3f08581459e7d54d9510f5c4,
        type: 3}
      propertyPath: m_LocalEulerAnglesHint.z
      value: 0
      objectReference: {fileID: 0}
    - target: {fileID: 344965660392984592, guid: ee77c31d3f08581459e7d54d9510f5c4,
        type: 3}
      propertyPath: invertUpDown
      value: 1
      objectReference: {fileID: 0}
    - target: {fileID: 344965660392984592, guid: ee77c31d3f08581459e7d54d9510f5c4,
        type: 3}
      propertyPath: speed
      value: 0.1
      objectReference: {fileID: 0}
    m_RemovedComponents: []
  m_SourcePrefab: {fileID: 100100000, guid: ee77c31d3f08581459e7d54d9510f5c4, type: 3}
--- !u!4 &1898911443 stripped
Transform:
  m_CorrespondingSourceObject: {fileID: 8529367123031228883, guid: ee77c31d3f08581459e7d54d9510f5c4,
    type: 3}
  m_PrefabInstance: {fileID: 1898911442}
  m_PrefabAsset: {fileID: 0}
--- !u!1001 &2008320896
PrefabInstance:
  m_ObjectHideFlags: 0
  serializedVersion: 2
  m_Modification:
    m_TransformParent: {fileID: 1209527803}
    m_Modifications:
    - target: {fileID: 8529367123031228887, guid: ee77c31d3f08581459e7d54d9510f5c4,
        type: 3}
      propertyPath: m_Name
      value: UpDownCube
      objectReference: {fileID: 0}
    - target: {fileID: 8529367123031228887, guid: ee77c31d3f08581459e7d54d9510f5c4,
        type: 3}
      propertyPath: m_TagString
      value: Ground
      objectReference: {fileID: 0}
    - target: {fileID: 8529367123031228883, guid: ee77c31d3f08581459e7d54d9510f5c4,
        type: 3}
      propertyPath: m_LocalPosition.x
      value: 0
      objectReference: {fileID: 0}
    - target: {fileID: 8529367123031228883, guid: ee77c31d3f08581459e7d54d9510f5c4,
        type: 3}
      propertyPath: m_LocalPosition.y
      value: 3
      objectReference: {fileID: 0}
    - target: {fileID: 8529367123031228883, guid: ee77c31d3f08581459e7d54d9510f5c4,
        type: 3}
      propertyPath: m_LocalPosition.z
      value: 1
      objectReference: {fileID: 0}
    - target: {fileID: 8529367123031228883, guid: ee77c31d3f08581459e7d54d9510f5c4,
        type: 3}
      propertyPath: m_LocalRotation.x
      value: -0.7071068
      objectReference: {fileID: 0}
    - target: {fileID: 8529367123031228883, guid: ee77c31d3f08581459e7d54d9510f5c4,
        type: 3}
      propertyPath: m_LocalRotation.y
      value: -0
      objectReference: {fileID: 0}
    - target: {fileID: 8529367123031228883, guid: ee77c31d3f08581459e7d54d9510f5c4,
        type: 3}
      propertyPath: m_LocalRotation.z
      value: -0
      objectReference: {fileID: 0}
    - target: {fileID: 8529367123031228883, guid: ee77c31d3f08581459e7d54d9510f5c4,
        type: 3}
      propertyPath: m_LocalRotation.w
      value: 0.7071068
      objectReference: {fileID: 0}
    - target: {fileID: 8529367123031228883, guid: ee77c31d3f08581459e7d54d9510f5c4,
        type: 3}
      propertyPath: m_RootOrder
      value: 1
      objectReference: {fileID: 0}
    - target: {fileID: 8529367123031228883, guid: ee77c31d3f08581459e7d54d9510f5c4,
        type: 3}
      propertyPath: m_LocalEulerAnglesHint.x
      value: 0
      objectReference: {fileID: 0}
    - target: {fileID: 8529367123031228883, guid: ee77c31d3f08581459e7d54d9510f5c4,
        type: 3}
      propertyPath: m_LocalEulerAnglesHint.y
      value: 0
      objectReference: {fileID: 0}
    - target: {fileID: 8529367123031228883, guid: ee77c31d3f08581459e7d54d9510f5c4,
        type: 3}
      propertyPath: m_LocalEulerAnglesHint.z
      value: 0
      objectReference: {fileID: 0}
    - target: {fileID: 344965660392984592, guid: ee77c31d3f08581459e7d54d9510f5c4,
        type: 3}
      propertyPath: speed
      value: 0.1
      objectReference: {fileID: 0}
    m_RemovedComponents: []
  m_SourcePrefab: {fileID: 100100000, guid: ee77c31d3f08581459e7d54d9510f5c4, type: 3}
--- !u!4 &2008320897 stripped
Transform:
  m_CorrespondingSourceObject: {fileID: 8529367123031228883, guid: ee77c31d3f08581459e7d54d9510f5c4,
    type: 3}
  m_PrefabInstance: {fileID: 2008320896}
  m_PrefabAsset: {fileID: 0}
--- !u!1001 &2017613368
PrefabInstance:
  m_ObjectHideFlags: 0
  serializedVersion: 2
  m_Modification:
    m_TransformParent: {fileID: 1209527803}
    m_Modifications:
    - target: {fileID: 8529367123031228887, guid: ee77c31d3f08581459e7d54d9510f5c4,
        type: 3}
      propertyPath: m_Name
      value: UpDownCube (6)
      objectReference: {fileID: 0}
    - target: {fileID: 8529367123031228887, guid: ee77c31d3f08581459e7d54d9510f5c4,
        type: 3}
      propertyPath: m_TagString
      value: Ground
      objectReference: {fileID: 0}
    - target: {fileID: 8529367123031228883, guid: ee77c31d3f08581459e7d54d9510f5c4,
        type: 3}
      propertyPath: m_LocalPosition.x
      value: -1.5
      objectReference: {fileID: 0}
    - target: {fileID: 8529367123031228883, guid: ee77c31d3f08581459e7d54d9510f5c4,
        type: 3}
      propertyPath: m_LocalPosition.y
      value: 5
      objectReference: {fileID: 0}
    - target: {fileID: 8529367123031228883, guid: ee77c31d3f08581459e7d54d9510f5c4,
        type: 3}
      propertyPath: m_LocalPosition.z
      value: 1
      objectReference: {fileID: 0}
    - target: {fileID: 8529367123031228883, guid: ee77c31d3f08581459e7d54d9510f5c4,
        type: 3}
      propertyPath: m_LocalRotation.x
      value: -0.7071068
      objectReference: {fileID: 0}
    - target: {fileID: 8529367123031228883, guid: ee77c31d3f08581459e7d54d9510f5c4,
        type: 3}
      propertyPath: m_LocalRotation.y
      value: -0
      objectReference: {fileID: 0}
    - target: {fileID: 8529367123031228883, guid: ee77c31d3f08581459e7d54d9510f5c4,
        type: 3}
      propertyPath: m_LocalRotation.z
      value: -0
      objectReference: {fileID: 0}
    - target: {fileID: 8529367123031228883, guid: ee77c31d3f08581459e7d54d9510f5c4,
        type: 3}
      propertyPath: m_LocalRotation.w
      value: 0.7071068
      objectReference: {fileID: 0}
    - target: {fileID: 8529367123031228883, guid: ee77c31d3f08581459e7d54d9510f5c4,
        type: 3}
      propertyPath: m_RootOrder
      value: 6
      objectReference: {fileID: 0}
    - target: {fileID: 8529367123031228883, guid: ee77c31d3f08581459e7d54d9510f5c4,
        type: 3}
      propertyPath: m_LocalEulerAnglesHint.x
      value: 0
      objectReference: {fileID: 0}
    - target: {fileID: 8529367123031228883, guid: ee77c31d3f08581459e7d54d9510f5c4,
        type: 3}
      propertyPath: m_LocalEulerAnglesHint.y
      value: 0
      objectReference: {fileID: 0}
    - target: {fileID: 8529367123031228883, guid: ee77c31d3f08581459e7d54d9510f5c4,
        type: 3}
      propertyPath: m_LocalEulerAnglesHint.z
      value: 0
      objectReference: {fileID: 0}
    - target: {fileID: 344965660392984592, guid: ee77c31d3f08581459e7d54d9510f5c4,
        type: 3}
      propertyPath: invertUpDown
      value: 0
      objectReference: {fileID: 0}
    - target: {fileID: 344965660392984592, guid: ee77c31d3f08581459e7d54d9510f5c4,
        type: 3}
      propertyPath: speed
      value: 0.1
      objectReference: {fileID: 0}
    m_RemovedComponents: []
  m_SourcePrefab: {fileID: 100100000, guid: ee77c31d3f08581459e7d54d9510f5c4, type: 3}
--- !u!4 &2017613369 stripped
Transform:
  m_CorrespondingSourceObject: {fileID: 8529367123031228883, guid: ee77c31d3f08581459e7d54d9510f5c4,
    type: 3}
  m_PrefabInstance: {fileID: 2017613368}
  m_PrefabAsset: {fileID: 0}
--- !u!1001 &234841029571061694
PrefabInstance:
  m_ObjectHideFlags: 0
  serializedVersion: 2
  m_Modification:
    m_TransformParent: {fileID: 0}
    m_Modifications:
    - target: {fileID: 234841030395231407, guid: 0c7237c37fe1b8e4da175ddbc2c1dca2,
        type: 3}
      propertyPath: m_Name
      value: LevelManager
      objectReference: {fileID: 0}
    - target: {fileID: 234841030395231405, guid: 0c7237c37fe1b8e4da175ddbc2c1dca2,
        type: 3}
      propertyPath: m_LocalPosition.x
      value: 0
      objectReference: {fileID: 0}
    - target: {fileID: 234841030395231405, guid: 0c7237c37fe1b8e4da175ddbc2c1dca2,
        type: 3}
      propertyPath: m_LocalPosition.y
      value: 0
      objectReference: {fileID: 0}
    - target: {fileID: 234841030395231405, guid: 0c7237c37fe1b8e4da175ddbc2c1dca2,
        type: 3}
      propertyPath: m_LocalPosition.z
      value: 0
      objectReference: {fileID: 0}
    - target: {fileID: 234841030395231405, guid: 0c7237c37fe1b8e4da175ddbc2c1dca2,
        type: 3}
      propertyPath: m_LocalRotation.x
      value: 0
      objectReference: {fileID: 0}
    - target: {fileID: 234841030395231405, guid: 0c7237c37fe1b8e4da175ddbc2c1dca2,
        type: 3}
      propertyPath: m_LocalRotation.y
      value: 0
      objectReference: {fileID: 0}
    - target: {fileID: 234841030395231405, guid: 0c7237c37fe1b8e4da175ddbc2c1dca2,
        type: 3}
      propertyPath: m_LocalRotation.z
      value: 0
      objectReference: {fileID: 0}
    - target: {fileID: 234841030395231405, guid: 0c7237c37fe1b8e4da175ddbc2c1dca2,
        type: 3}
      propertyPath: m_LocalRotation.w
      value: 1
      objectReference: {fileID: 0}
    - target: {fileID: 234841030395231405, guid: 0c7237c37fe1b8e4da175ddbc2c1dca2,
        type: 3}
      propertyPath: m_RootOrder
      value: 0
      objectReference: {fileID: 0}
    - target: {fileID: 234841030395231405, guid: 0c7237c37fe1b8e4da175ddbc2c1dca2,
        type: 3}
      propertyPath: m_LocalEulerAnglesHint.x
      value: 0
      objectReference: {fileID: 0}
    - target: {fileID: 234841030395231405, guid: 0c7237c37fe1b8e4da175ddbc2c1dca2,
        type: 3}
      propertyPath: m_LocalEulerAnglesHint.y
      value: 0
      objectReference: {fileID: 0}
    - target: {fileID: 234841030395231405, guid: 0c7237c37fe1b8e4da175ddbc2c1dca2,
        type: 3}
      propertyPath: m_LocalEulerAnglesHint.z
      value: 0
      objectReference: {fileID: 0}
    m_RemovedComponents: []
  m_SourcePrefab: {fileID: 100100000, guid: 0c7237c37fe1b8e4da175ddbc2c1dca2, type: 3}
--- !u!1001 &675883943596330292
PrefabInstance:
  m_ObjectHideFlags: 0
  serializedVersion: 2
  m_Modification:
    m_TransformParent: {fileID: 1604293077}
    m_Modifications:
    - target: {fileID: 8809275943236417006, guid: 97b9423318f9a9d438b21940ea3220b2,
        type: 3}
      propertyPath: m_Name
      value: Goal
      objectReference: {fileID: 0}
    - target: {fileID: 5484130984797849597, guid: 97b9423318f9a9d438b21940ea3220b2,
        type: 3}
      propertyPath: m_LocalPosition.x
      value: -5
      objectReference: {fileID: 0}
    - target: {fileID: 5484130984797849597, guid: 97b9423318f9a9d438b21940ea3220b2,
        type: 3}
      propertyPath: m_LocalPosition.y
      value: 15.5
      objectReference: {fileID: 0}
    - target: {fileID: 5484130984797849597, guid: 97b9423318f9a9d438b21940ea3220b2,
        type: 3}
      propertyPath: m_LocalPosition.z
      value: -0.25
      objectReference: {fileID: 0}
    - target: {fileID: 5484130984797849597, guid: 97b9423318f9a9d438b21940ea3220b2,
        type: 3}
      propertyPath: m_LocalRotation.x
      value: -1
      objectReference: {fileID: 0}
    - target: {fileID: 5484130984797849597, guid: 97b9423318f9a9d438b21940ea3220b2,
        type: 3}
      propertyPath: m_LocalRotation.y
      value: -0
      objectReference: {fileID: 0}
    - target: {fileID: 5484130984797849597, guid: 97b9423318f9a9d438b21940ea3220b2,
        type: 3}
      propertyPath: m_LocalRotation.z
      value: -0
      objectReference: {fileID: 0}
    - target: {fileID: 5484130984797849597, guid: 97b9423318f9a9d438b21940ea3220b2,
        type: 3}
      propertyPath: m_LocalRotation.w
      value: 0
      objectReference: {fileID: 0}
    - target: {fileID: 5484130984797849597, guid: 97b9423318f9a9d438b21940ea3220b2,
        type: 3}
      propertyPath: m_RootOrder
      value: 0
      objectReference: {fileID: 0}
    - target: {fileID: 5484130984797849597, guid: 97b9423318f9a9d438b21940ea3220b2,
        type: 3}
      propertyPath: m_LocalEulerAnglesHint.x
      value: -90
      objectReference: {fileID: 0}
    - target: {fileID: 5484130984797849597, guid: 97b9423318f9a9d438b21940ea3220b2,
        type: 3}
      propertyPath: m_LocalEulerAnglesHint.y
      value: 0
      objectReference: {fileID: 0}
    - target: {fileID: 5484130984797849597, guid: 97b9423318f9a9d438b21940ea3220b2,
        type: 3}
      propertyPath: m_LocalEulerAnglesHint.z
      value: 0
      objectReference: {fileID: 0}
    m_RemovedComponents: []
  m_SourcePrefab: {fileID: 100100000, guid: 97b9423318f9a9d438b21940ea3220b2, type: 3}
--- !u!1001 &5891135510667896160
PrefabInstance:
  m_ObjectHideFlags: 0
  serializedVersion: 2
  m_Modification:
    m_TransformParent: {fileID: 1334159007}
    m_Modifications:
    - target: {fileID: 5891135510463472475, guid: edb4e9c12fea75e479d2ae257682e0e6,
        type: 3}
      propertyPath: m_Name
      value: KillPlane
      objectReference: {fileID: 0}
    - target: {fileID: 5891135510463472479, guid: edb4e9c12fea75e479d2ae257682e0e6,
        type: 3}
      propertyPath: m_LocalPosition.x
      value: 0
      objectReference: {fileID: 0}
    - target: {fileID: 5891135510463472479, guid: edb4e9c12fea75e479d2ae257682e0e6,
        type: 3}
      propertyPath: m_LocalPosition.y
      value: -1.4999999
      objectReference: {fileID: 0}
    - target: {fileID: 5891135510463472479, guid: edb4e9c12fea75e479d2ae257682e0e6,
        type: 3}
      propertyPath: m_LocalPosition.z
      value: 9.24
      objectReference: {fileID: 0}
    - target: {fileID: 5891135510463472479, guid: edb4e9c12fea75e479d2ae257682e0e6,
        type: 3}
      propertyPath: m_LocalRotation.x
      value: -0
      objectReference: {fileID: 0}
    - target: {fileID: 5891135510463472479, guid: edb4e9c12fea75e479d2ae257682e0e6,
        type: 3}
      propertyPath: m_LocalRotation.y
      value: -0
      objectReference: {fileID: 0}
    - target: {fileID: 5891135510463472479, guid: edb4e9c12fea75e479d2ae257682e0e6,
        type: 3}
      propertyPath: m_LocalRotation.z
      value: -0
      objectReference: {fileID: 0}
    - target: {fileID: 5891135510463472479, guid: edb4e9c12fea75e479d2ae257682e0e6,
        type: 3}
      propertyPath: m_LocalRotation.w
      value: 1
      objectReference: {fileID: 0}
    - target: {fileID: 5891135510463472479, guid: edb4e9c12fea75e479d2ae257682e0e6,
        type: 3}
      propertyPath: m_RootOrder
      value: 0
      objectReference: {fileID: 0}
    - target: {fileID: 5891135510463472479, guid: edb4e9c12fea75e479d2ae257682e0e6,
        type: 3}
      propertyPath: m_LocalEulerAnglesHint.x
      value: 0
      objectReference: {fileID: 0}
    - target: {fileID: 5891135510463472479, guid: edb4e9c12fea75e479d2ae257682e0e6,
        type: 3}
      propertyPath: m_LocalEulerAnglesHint.y
      value: 0
      objectReference: {fileID: 0}
    - target: {fileID: 5891135510463472479, guid: edb4e9c12fea75e479d2ae257682e0e6,
        type: 3}
      propertyPath: m_LocalEulerAnglesHint.z
      value: 0
      objectReference: {fileID: 0}
    m_RemovedComponents: []
  m_SourcePrefab: {fileID: 100100000, guid: edb4e9c12fea75e479d2ae257682e0e6, type: 3}
--- !u!4 &5891135510667896161 stripped
Transform:
  m_CorrespondingSourceObject: {fileID: 5891135510463472479, guid: edb4e9c12fea75e479d2ae257682e0e6,
    type: 3}
  m_PrefabInstance: {fileID: 5891135510667896160}
  m_PrefabAsset: {fileID: 0}
--- !u!1001 &8529367124012808343
PrefabInstance:
  m_ObjectHideFlags: 0
  serializedVersion: 2
  m_Modification:
    m_TransformParent: {fileID: 1209527803}
    m_Modifications:
    - target: {fileID: 8529367123031228887, guid: 6d119fc2c6b06e3448a43015ab7662ac,
        type: 3}
      propertyPath: m_Name
      value: Cube11
      objectReference: {fileID: 0}
    - target: {fileID: 8529367123031228883, guid: 6d119fc2c6b06e3448a43015ab7662ac,
        type: 3}
      propertyPath: m_LocalPosition.x
      value: 0
      objectReference: {fileID: 0}
    - target: {fileID: 8529367123031228883, guid: 6d119fc2c6b06e3448a43015ab7662ac,
        type: 3}
      propertyPath: m_LocalPosition.y
      value: -0
      objectReference: {fileID: 0}
    - target: {fileID: 8529367123031228883, guid: 6d119fc2c6b06e3448a43015ab7662ac,
        type: 3}
      propertyPath: m_LocalPosition.z
      value: 0.75
      objectReference: {fileID: 0}
    - target: {fileID: 8529367123031228883, guid: 6d119fc2c6b06e3448a43015ab7662ac,
        type: 3}
      propertyPath: m_LocalRotation.x
      value: -0.7071068
      objectReference: {fileID: 0}
    - target: {fileID: 8529367123031228883, guid: 6d119fc2c6b06e3448a43015ab7662ac,
        type: 3}
      propertyPath: m_LocalRotation.y
      value: -0
      objectReference: {fileID: 0}
    - target: {fileID: 8529367123031228883, guid: 6d119fc2c6b06e3448a43015ab7662ac,
        type: 3}
      propertyPath: m_LocalRotation.z
      value: -0
      objectReference: {fileID: 0}
    - target: {fileID: 8529367123031228883, guid: 6d119fc2c6b06e3448a43015ab7662ac,
        type: 3}
      propertyPath: m_LocalRotation.w
      value: 0.7071068
      objectReference: {fileID: 0}
    - target: {fileID: 8529367123031228883, guid: 6d119fc2c6b06e3448a43015ab7662ac,
        type: 3}
      propertyPath: m_RootOrder
      value: 0
      objectReference: {fileID: 0}
    - target: {fileID: 8529367123031228883, guid: 6d119fc2c6b06e3448a43015ab7662ac,
        type: 3}
      propertyPath: m_LocalEulerAnglesHint.x
      value: 0
      objectReference: {fileID: 0}
    - target: {fileID: 8529367123031228883, guid: 6d119fc2c6b06e3448a43015ab7662ac,
        type: 3}
      propertyPath: m_LocalEulerAnglesHint.y
      value: 0
      objectReference: {fileID: 0}
    - target: {fileID: 8529367123031228883, guid: 6d119fc2c6b06e3448a43015ab7662ac,
        type: 3}
      propertyPath: m_LocalEulerAnglesHint.z
      value: 0
      objectReference: {fileID: 0}
    m_RemovedComponents: []
  m_SourcePrefab: {fileID: 100100000, guid: 6d119fc2c6b06e3448a43015ab7662ac, type: 3}
