%YAML 1.1
%TAG !u! tag:unity3d.com,2011:
--- !u!1 &4830814762309960834
GameObject:
  m_ObjectHideFlags: 0
  m_CorrespondingSourceObject: {fileID: 0}
  m_PrefabInstance: {fileID: 0}
  m_PrefabAsset: {fileID: 0}
  serializedVersion: 6
  m_Component:
  - component: {fileID: 1135154764296765218}
  m_Layer: 0
  m_Name: Coin5
  m_TagString: Untagged
  m_Icon: {fileID: 0}
  m_NavMeshLayer: 0
  m_StaticEditorFlags: 0
  m_IsActive: 1
--- !u!4 &1135154764296765218
Transform:
  m_ObjectHideFlags: 0
  m_CorrespondingSourceObject: {fileID: 0}
  m_PrefabInstance: {fileID: 0}
  m_PrefabAsset: {fileID: 0}
  m_GameObject: {fileID: 4830814762309960834}
  m_LocalRotation: {x: 0, y: 0, z: 0, w: 1}
  m_LocalPosition: {x: 0, y: 0, z: 0}
  m_LocalScale: {x: 1, y: 1, z: 1}
  m_Children:
  - {fileID: 1774493718602352623}
  - {fileID: 8348483522652196100}
  - {fileID: 1609593498942158367}
  - {fileID: 3332081459836292585}
  - {fileID: 142500052728927087}
  m_Father: {fileID: 0}
  m_RootOrder: 0
  m_LocalEulerAnglesHint: {x: 0, y: 0, z: 0}
--- !u!1001 &1094249721330201244
PrefabInstance:
  m_ObjectHideFlags: 0
  serializedVersion: 2
  m_Modification:
    m_TransformParent: {fileID: 1135154764296765218}
    m_Modifications:
    - target: {fileID: 1068986264680997359, guid: c96d5ab2f8843d943acbf0909c85d228,
        type: 3}
      propertyPath: m_Name
      value: Coin (8)
      objectReference: {fileID: 0}
    - target: {fileID: 1068986264680997363, guid: c96d5ab2f8843d943acbf0909c85d228,
        type: 3}
      propertyPath: m_LocalPosition.x
      value: 0
      objectReference: {fileID: 0}
    - target: {fileID: 1068986264680997363, guid: c96d5ab2f8843d943acbf0909c85d228,
        type: 3}
      propertyPath: m_LocalPosition.y
      value: 0
      objectReference: {fileID: 0}
    - target: {fileID: 1068986264680997363, guid: c96d5ab2f8843d943acbf0909c85d228,
        type: 3}
      propertyPath: m_LocalPosition.z
      value: 0
      objectReference: {fileID: 0}
    - target: {fileID: 1068986264680997363, guid: c96d5ab2f8843d943acbf0909c85d228,
        type: 3}
      propertyPath: m_LocalRotation.x
      value: 0
      objectReference: {fileID: 0}
    - target: {fileID: 1068986264680997363, guid: c96d5ab2f8843d943acbf0909c85d228,
        type: 3}
      propertyPath: m_LocalRotation.y
      value: 0
      objectReference: {fileID: 0}
    - target: {fileID: 1068986264680997363, guid: c96d5ab2f8843d943acbf0909c85d228,
        type: 3}
      propertyPath: m_LocalRotation.z
      value: 0
      objectReference: {fileID: 0}
    - target: {fileID: 1068986264680997363, guid: c96d5ab2f8843d943acbf0909c85d228,
        type: 3}
      propertyPath: m_LocalRotation.w
      value: 1
      objectReference: {fileID: 0}
    - target: {fileID: 1068986264680997363, guid: c96d5ab2f8843d943acbf0909c85d228,
        type: 3}
      propertyPath: m_RootOrder
      value: 4
      objectReference: {fileID: 0}
    - target: {fileID: 1068986264680997363, guid: c96d5ab2f8843d943acbf0909c85d228,
        type: 3}
      propertyPath: m_LocalEulerAnglesHint.x
      value: 0
      objectReference: {fileID: 0}
    - target: {fileID: 1068986264680997363, guid: c96d5ab2f8843d943acbf0909c85d228,
        type: 3}
      propertyPath: m_LocalEulerAnglesHint.y
      value: 0
      objectReference: {fileID: 0}
    - target: {fileID: 1068986264680997363, guid: c96d5ab2f8843d943acbf0909c85d228,
        type: 3}
      propertyPath: m_LocalEulerAnglesHint.z
      value: 0
      objectReference: {fileID: 0}
    m_RemovedComponents: []
  m_SourcePrefab: {fileID: 100100000, guid: c96d5ab2f8843d943acbf0909c85d228, type: 3}
--- !u!4 &142500052728927087 stripped
Transform:
  m_CorrespondingSourceObject: {fileID: 1068986264680997363, guid: c96d5ab2f8843d943acbf0909c85d228,
    type: 3}
  m_PrefabInstance: {fileID: 1094249721330201244}
  m_PrefabAsset: {fileID: 0}
--- !u!1001 &1618351351054575132
PrefabInstance:
  m_ObjectHideFlags: 0
  serializedVersion: 2
  m_Modification:
    m_TransformParent: {fileID: 1135154764296765218}
    m_Modifications:
    - target: {fileID: 1068986264680997359, guid: c96d5ab2f8843d943acbf0909c85d228,
        type: 3}
      propertyPath: m_Name
      value: Coin (4)
      objectReference: {fileID: 0}
    - target: {fileID: 1068986264680997363, guid: c96d5ab2f8843d943acbf0909c85d228,
        type: 3}
      propertyPath: m_LocalPosition.x
      value: 0.1
      objectReference: {fileID: 0}
    - target: {fileID: 1068986264680997363, guid: c96d5ab2f8843d943acbf0909c85d228,
        type: 3}
      propertyPath: m_LocalPosition.y
      value: 0
      objectReference: {fileID: 0}
    - target: {fileID: 1068986264680997363, guid: c96d5ab2f8843d943acbf0909c85d228,
        type: 3}
      propertyPath: m_LocalPosition.z
      value: 0.1
      objectReference: {fileID: 0}
    - target: {fileID: 1068986264680997363, guid: c96d5ab2f8843d943acbf0909c85d228,
        type: 3}
      propertyPath: m_LocalRotation.x
      value: 0
      objectReference: {fileID: 0}
    - target: {fileID: 1068986264680997363, guid: c96d5ab2f8843d943acbf0909c85d228,
        type: 3}
      propertyPath: m_LocalRotation.y
      value: 0
      objectReference: {fileID: 0}
    - target: {fileID: 1068986264680997363, guid: c96d5ab2f8843d943acbf0909c85d228,
        type: 3}
      propertyPath: m_LocalRotation.z
      value: 0
      objectReference: {fileID: 0}
    - target: {fileID: 1068986264680997363, guid: c96d5ab2f8843d943acbf0909c85d228,
        type: 3}
      propertyPath: m_LocalRotation.w
      value: 1
      objectReference: {fileID: 0}
    - target: {fileID: 1068986264680997363, guid: c96d5ab2f8843d943acbf0909c85d228,
        type: 3}
      propertyPath: m_RootOrder
      value: 0
      objectReference: {fileID: 0}
    - target: {fileID: 1068986264680997363, guid: c96d5ab2f8843d943acbf0909c85d228,
        type: 3}
      propertyPath: m_LocalEulerAnglesHint.x
      value: 0
      objectReference: {fileID: 0}
    - target: {fileID: 1068986264680997363, guid: c96d5ab2f8843d943acbf0909c85d228,
        type: 3}
      propertyPath: m_LocalEulerAnglesHint.y
      value: 0
      objectReference: {fileID: 0}
    - target: {fileID: 1068986264680997363, guid: c96d5ab2f8843d943acbf0909c85d228,
        type: 3}
      propertyPath: m_LocalEulerAnglesHint.z
      value: 0
      objectReference: {fileID: 0}
    m_RemovedComponents: []
  m_SourcePrefab: {fileID: 100100000, guid: c96d5ab2f8843d943acbf0909c85d228, type: 3}
--- !u!4 &1774493718602352623 stripped
Transform:
  m_CorrespondingSourceObject: {fileID: 1068986264680997363, guid: c96d5ab2f8843d943acbf0909c85d228,
    type: 3}
  m_PrefabInstance: {fileID: 1618351351054575132}
  m_PrefabAsset: {fileID: 0}
--- !u!1001 &1766433163555149804
PrefabInstance:
  m_ObjectHideFlags: 0
  serializedVersion: 2
  m_Modification:
    m_TransformParent: {fileID: 1135154764296765218}
    m_Modifications:
    - target: {fileID: 1068986264680997359, guid: c96d5ab2f8843d943acbf0909c85d228,
        type: 3}
      propertyPath: m_Name
      value: Coin (6)
      objectReference: {fileID: 0}
    - target: {fileID: 1068986264680997363, guid: c96d5ab2f8843d943acbf0909c85d228,
        type: 3}
      propertyPath: m_LocalPosition.x
      value: -0.1
      objectReference: {fileID: 0}
    - target: {fileID: 1068986264680997363, guid: c96d5ab2f8843d943acbf0909c85d228,
        type: 3}
      propertyPath: m_LocalPosition.y
      value: 0
      objectReference: {fileID: 0}
    - target: {fileID: 1068986264680997363, guid: c96d5ab2f8843d943acbf0909c85d228,
        type: 3}
      propertyPath: m_LocalPosition.z
      value: 0.1
      objectReference: {fileID: 0}
    - target: {fileID: 1068986264680997363, guid: c96d5ab2f8843d943acbf0909c85d228,
        type: 3}
      propertyPath: m_LocalRotation.x
      value: 0
      objectReference: {fileID: 0}
    - target: {fileID: 1068986264680997363, guid: c96d5ab2f8843d943acbf0909c85d228,
        type: 3}
      propertyPath: m_LocalRotation.y
      value: 0
      objectReference: {fileID: 0}
    - target: {fileID: 1068986264680997363, guid: c96d5ab2f8843d943acbf0909c85d228,
        type: 3}
      propertyPath: m_LocalRotation.z
      value: 0
      objectReference: {fileID: 0}
    - target: {fileID: 1068986264680997363, guid: c96d5ab2f8843d943acbf0909c85d228,
        type: 3}
      propertyPath: m_LocalRotation.w
      value: 1
      objectReference: {fileID: 0}
    - target: {fileID: 1068986264680997363, guid: c96d5ab2f8843d943acbf0909c85d228,
        type: 3}
      propertyPath: m_RootOrder
      value: 2
      objectReference: {fileID: 0}
    - target: {fileID: 1068986264680997363, guid: c96d5ab2f8843d943acbf0909c85d228,
        type: 3}
      propertyPath: m_LocalEulerAnglesHint.x
      value: 0
      objectReference: {fileID: 0}
    - target: {fileID: 1068986264680997363, guid: c96d5ab2f8843d943acbf0909c85d228,
        type: 3}
      propertyPath: m_LocalEulerAnglesHint.y
      value: 0
      objectReference: {fileID: 0}
    - target: {fileID: 1068986264680997363, guid: c96d5ab2f8843d943acbf0909c85d228,
        type: 3}
      propertyPath: m_LocalEulerAnglesHint.z
      value: 0
      objectReference: {fileID: 0}
    m_RemovedComponents: []
  m_SourcePrefab: {fileID: 100100000, guid: c96d5ab2f8843d943acbf0909c85d228, type: 3}
--- !u!4 &1609593498942158367 stripped
Transform:
  m_CorrespondingSourceObject: {fileID: 1068986264680997363, guid: c96d5ab2f8843d943acbf0909c85d228,
    type: 3}
  m_PrefabInstance: {fileID: 1766433163555149804}
  m_PrefabAsset: {fileID: 0}
--- !u!1001 &2371183923211283482
PrefabInstance:
  m_ObjectHideFlags: 0
  serializedVersion: 2
  m_Modification:
    m_TransformParent: {fileID: 1135154764296765218}
    m_Modifications:
    - target: {fileID: 1068986264680997359, guid: c96d5ab2f8843d943acbf0909c85d228,
        type: 3}
      propertyPath: m_Name
      value: Coin (7)
      objectReference: {fileID: 0}
    - target: {fileID: 1068986264680997363, guid: c96d5ab2f8843d943acbf0909c85d228,
        type: 3}
      propertyPath: m_LocalPosition.x
      value: -0.1
      objectReference: {fileID: 0}
    - target: {fileID: 1068986264680997363, guid: c96d5ab2f8843d943acbf0909c85d228,
        type: 3}
      propertyPath: m_LocalPosition.y
      value: 0
      objectReference: {fileID: 0}
    - target: {fileID: 1068986264680997363, guid: c96d5ab2f8843d943acbf0909c85d228,
        type: 3}
      propertyPath: m_LocalPosition.z
      value: -0.1
      objectReference: {fileID: 0}
    - target: {fileID: 1068986264680997363, guid: c96d5ab2f8843d943acbf0909c85d228,
        type: 3}
      propertyPath: m_LocalRotation.x
      value: 0
      objectReference: {fileID: 0}
    - target: {fileID: 1068986264680997363, guid: c96d5ab2f8843d943acbf0909c85d228,
        type: 3}
      propertyPath: m_LocalRotation.y
      value: 0
      objectReference: {fileID: 0}
    - target: {fileID: 1068986264680997363, guid: c96d5ab2f8843d943acbf0909c85d228,
        type: 3}
      propertyPath: m_LocalRotation.z
      value: 0
      objectReference: {fileID: 0}
    - target: {fileID: 1068986264680997363, guid: c96d5ab2f8843d943acbf0909c85d228,
        type: 3}
      propertyPath: m_LocalRotation.w
      value: 1
      objectReference: {fileID: 0}
    - target: {fileID: 1068986264680997363, guid: c96d5ab2f8843d943acbf0909c85d228,
        type: 3}
      propertyPath: m_RootOrder
      value: 3
      objectReference: {fileID: 0}
    - target: {fileID: 1068986264680997363, guid: c96d5ab2f8843d943acbf0909c85d228,
        type: 3}
      propertyPath: m_LocalEulerAnglesHint.x
      value: 0
      objectReference: {fileID: 0}
    - target: {fileID: 1068986264680997363, guid: c96d5ab2f8843d943acbf0909c85d228,
        type: 3}
      propertyPath: m_LocalEulerAnglesHint.y
      value: 0
      objectReference: {fileID: 0}
    - target: {fileID: 1068986264680997363, guid: c96d5ab2f8843d943acbf0909c85d228,
        type: 3}
      propertyPath: m_LocalEulerAnglesHint.z
      value: 0
      objectReference: {fileID: 0}
    m_RemovedComponents: []
  m_SourcePrefab: {fileID: 100100000, guid: c96d5ab2f8843d943acbf0909c85d228, type: 3}
--- !u!4 &3332081459836292585 stripped
Transform:
  m_CorrespondingSourceObject: {fileID: 1068986264680997363, guid: c96d5ab2f8843d943acbf0909c85d228,
    type: 3}
  m_PrefabInstance: {fileID: 2371183923211283482}
  m_PrefabAsset: {fileID: 0}
--- !u!1001 &9011149594078735607
PrefabInstance:
  m_ObjectHideFlags: 0
  serializedVersion: 2
  m_Modification:
    m_TransformParent: {fileID: 1135154764296765218}
    m_Modifications:
    - target: {fileID: 1068986264680997359, guid: c96d5ab2f8843d943acbf0909c85d228,
        type: 3}
      propertyPath: m_Name
      value: Coin (5)
      objectReference: {fileID: 0}
    - target: {fileID: 1068986264680997363, guid: c96d5ab2f8843d943acbf0909c85d228,
        type: 3}
      propertyPath: m_LocalPosition.x
      value: 0.1
      objectReference: {fileID: 0}
    - target: {fileID: 1068986264680997363, guid: c96d5ab2f8843d943acbf0909c85d228,
        type: 3}
      propertyPath: m_LocalPosition.y
      value: 0
      objectReference: {fileID: 0}
    - target: {fileID: 1068986264680997363, guid: c96d5ab2f8843d943acbf0909c85d228,
        type: 3}
      propertyPath: m_LocalPosition.z
      value: -0.1
      objectReference: {fileID: 0}
    - target: {fileID: 1068986264680997363, guid: c96d5ab2f8843d943acbf0909c85d228,
        type: 3}
      propertyPath: m_LocalRotation.x
      value: 0
      objectReference: {fileID: 0}
    - target: {fileID: 1068986264680997363, guid: c96d5ab2f8843d943acbf0909c85d228,
        type: 3}
      propertyPath: m_LocalRotation.y
      value: 0
      objectReference: {fileID: 0}
    - target: {fileID: 1068986264680997363, guid: c96d5ab2f8843d943acbf0909c85d228,
        type: 3}
      propertyPath: m_LocalRotation.z
      value: 0
      objectReference: {fileID: 0}
    - target: {fileID: 1068986264680997363, guid: c96d5ab2f8843d943acbf0909c85d228,
        type: 3}
      propertyPath: m_LocalRotation.w
      value: 1
      objectReference: {fileID: 0}
    - target: {fileID: 1068986264680997363, guid: c96d5ab2f8843d943acbf0909c85d228,
        type: 3}
      propertyPath: m_RootOrder
      value: 1
      objectReference: {fileID: 0}
    - target: {fileID: 1068986264680997363, guid: c96d5ab2f8843d943acbf0909c85d228,
        type: 3}
      propertyPath: m_LocalEulerAnglesHint.x
      value: 0
      objectReference: {fileID: 0}
    - target: {fileID: 1068986264680997363, guid: c96d5ab2f8843d943acbf0909c85d228,
        type: 3}
      propertyPath: m_LocalEulerAnglesHint.y
      value: 0
      objectReference: {fileID: 0}
    - target: {fileID: 1068986264680997363, guid: c96d5ab2f8843d943acbf0909c85d228,
        type: 3}
      propertyPath: m_LocalEulerAnglesHint.z
      value: 0
      objectReference: {fileID: 0}
    m_RemovedComponents: []
  m_SourcePrefab: {fileID: 100100000, guid: c96d5ab2f8843d943acbf0909c85d228, type: 3}
--- !u!4 &8348483522652196100 stripped
Transform:
  m_CorrespondingSourceObject: {fileID: 1068986264680997363, guid: c96d5ab2f8843d943acbf0909c85d228,
    type: 3}
  m_PrefabInstance: {fileID: 9011149594078735607}
  m_PrefabAsset: {fileID: 0}
